@misc{Dartino,
author = {Kasper Lund},
title = {The Internet of Programmable Thing},
note = {GOTO Conference},
url = {http://gotocon.com/dl/goto-cph-2015/slides/KasperLund_InternetOfProgrammableThings.pdf},
year = {2015},
language = {english}
}
